%%%% Guide til bibtex og litteratur.bib %%%%

% Alle kilder angives efter Harvard-metoden og vil i rapporten fremstaa med [FORFATTER, AAR] eller mere praecist [EFTERNAVN, AAR].

% Nederst findes eksempler paa kildeangivelser af typerne book, article, manual techreport og misc.
	% - Book bruges ved helt almindelige boeger
	% - Article bruges ved artikler og udgivelser
	% - Manual bruges ved henvisninger fra internettet, idet \url-funktionen findes her
	% - Techreport kan bruges ved mindre udgivelser, hvor kun titel, forfatter og aar er noedvendig eller tilgaengelig
	% - Misc kan bruges ved det, der falder udenfor de andre kategorier - interview, forelaesninger, foredrag osv.

% Hvis der er flere forfattere paa en kilde, SKAL de listes med 'and' imellem dem - ogsaa ved 3 og derover (f.eks. FORFATTER 1 and FORFATTER 2 and FORFATTER 3). Naar kildelisten bygges i rapporten, vil der ved 2 forfattere komme til at staa [EFTERNAVN 1 og EFTERNAVN 2, AAR] og ved 3 forfattere og derover komme til at staa [EFTERNAVN 1 et. al, AAR].

% Ved almindelige forfatternavne skal der vaere Ã©t saet tuborg-parenteser ved Author (f.eks. author = {H. C. Andersen}). Ved andre navne (f.eks. virksomheder, hjemmesider, grupper, raad, naevn osv.) skal der vaere 2 saet tuborg-parenteser ved Author (f.eks. author = {{Dansk Standard}}). Begrundelse: Med 2 saet tuborg-parenteser skrives hele parentesen ud som forfatter, [Dansk Standard, AAR]. Alternativt ville der i eksemplet bare komme til at staa [Standard, AAR].

@misc{ScratchWebsite,
	author          = {{Lifelong Kindergarten Group at the MIT Media Lab}},
	title           = {Scratch Website},
	howpublished    = {\url{https://scratch.mit.edu/about}},
	note            = {[Online; Accessed: 17-02-2018]},
	year            = {2018}
}

@misc{Blockly,
	author          = {{Google Developers}},
	title           = {Introduction to Blockly},
	howpublished    = {\url{https://developers.google.com/blockly/}},
	note            = {[Online; Accessed: 17-02-2018]},
	year            = {2018}
}

@misc{GameMaker,
	author          = {{YoYo Games}},
	title           = {Game Maker},
	howpublished    = {\url{https://www.yoyogames.com/gamemaker}},
	note            = {[Online; Accessed: 17-02-2018]},
	year            = {2018}
}

@misc{GML,
	author          = {{YoYo Games}},
	title           = {GML},
	howpublished    = {\url{https://docs.yoyogames.com/source/dadiospice/002_reference/001_gml%20language%20overview/index.html}},
	note            = {[Online; Accessed: 17-02-2018]},
	year            = {2018}
}

@misc{PythonWebsite,
	author          = {{Python Software Foundation}},
	title           = {Python Website},
	howpublished    = {\url{https://www.python.org/}},
	note            = {[Online; Accessed: 17-02-2018]},
	year            = {2018}
}

@misc{PythonLibraries,
	author          = {{Python Software Foundation}},
	title           = {The Python Standard Library},
	howpublished    = {\url{https://docs.python.org/3/library/index.html}},
	note            = {[Online; Accessed: 17-02-2018]},
	year            = {2018}
}

@misc{PythonXKCD,
	author          = {{Randall Munroe}},
	title           = {Python on XKCD},
	howpublished    = {\url{https://xkcd.com/353/}},
	note            = {[Online; Accessed: 17-02-2018]},
	year            = {2018}
}

@misc{RaspberryPi,
	author          = {{Wikipedia; Various authors}},
	title           = {Raspberry Pi},
	howpublished    = {\url{https://en.wikipedia.org/wiki/Raspberry_Pi}},
	note            = {[Online; Accessed: 18-02-2018]},
	year            = {2018}
}

@misc{EducationalRobotics,
	author          = {{Wikipedia; Various authors}},
	title           = {Educational Robotics},
	howpublished    = {\url{https://en.wikipedia.org/wiki/Educational_robotics}},
	note            = {[Online; Accessed: 18-02-2018]},
	year            = {2018}
}


@misc{LegoMindstorms,
	author          = {{The LEGO Group}},
	title           = {Lego Mindstorms},
	howpublished    = {\url{https://www.lego.com/en-us/mindstorms/products/mindstorms-ev3-31313}},
	note            = {[Online; Accessed: 18-02-2018]},
	year            = {2018}
}

